<record><leader>00000cas a22000007a 4500</leader><controlfield tag="001">12935400</controlfield><controlfield tag="008">851219d188u188uwiuwr ne      0    0eng d</controlfield><datafield ind1=" " ind2=" " tag="010"><subfield code="a">sn 85041602 </subfield></datafield><datafield ind1=" " ind2=" " tag="040"><subfield code="a">NPV</subfield><subfield code="b">eng</subfield><subfield code="c">NPV</subfield><subfield code="d">OCLCQ</subfield></datafield><datafield ind1=" " ind2=" " tag="042"><subfield code="a">msc</subfield></datafield><datafield ind1="0" ind2=" " tag="130"><subfield code="a">Times (Oshkosh, Wis.)</subfield></datafield><datafield ind1="1" ind2="4" tag="245"><subfield code="a">The times.</subfield></datafield><datafield ind1="1" ind2="7" tag="246"><subfield code="a">Weekly times</subfield></datafield><datafield ind1="1" ind2="3" tag="246"><subfield code="a">Oshkosh times</subfield></datafield><datafield ind1=" " ind2=" " tag="260"><subfield code="a">Oshkosh, Wis. :</subfield><subfield code="b">E.W. Viall &amp; Co.</subfield></datafield><datafield ind1=" " ind2=" " tag="300"><subfield code="a">v.</subfield></datafield><datafield ind1=" " ind2=" " tag="310"><subfield code="a">Weekly</subfield></datafield><datafield ind1="1" ind2=" " tag="362"><subfield code="a">Ceased in 1887 or 1888.</subfield></datafield><datafield ind1=" " ind2=" " tag="588"><subfield code="a">Description based on: Vol. 18, no. 55 (May 2, 1885) = whole no. 992.</subfield></datafield><datafield ind1=" " ind2=" " tag="752"><subfield code="a">United States</subfield><subfield code="b">Wisconsin</subfield><subfield code="c">Winnebago</subfield><subfield code="d">Oshkosh.</subfield></datafield><datafield ind1="0" ind2=" " tag="775"><subfield code="t">Oshkosh morning times</subfield><subfield code="w">(DLC)sn 86086001</subfield></datafield><datafield ind1="0" ind2="0" tag="780"><subfield code="t">Oshkosh times</subfield><subfield code="w">(DLC)sn 85041601</subfield></datafield><datafield ind1="0" ind2="0" tag="785"><subfield code="t">Weekly times (Oshkosh, Wis.)</subfield><subfield code="w">(DLC)sn 85041603</subfield></datafield></record>